
  <record>
    <leader>01000aam  22002601a 4500</leader>
    <controlfield tag="001">YPZ7899</controlfield>
    <controlfield tag="003">YPZ</controlfield>
    <controlfield tag="005">200607241153010</controlfield>
    <controlfield tag="008">060724|###########||||||b||||||||||spa|d</controlfield>
    <datafield tag="020" ind1=" " ind2=" ">
      <subfield code="a">8470820966</subfield>
    </datafield>
    <datafield tag="040" ind1=" " ind2=" ">
      <subfield code="c">SIUNPA</subfield>
    </datafield>
    <datafield tag="041" ind1=" " ind2=" ">
      <subfield code="a">spa</subfield>
    </datafield>
    <datafield tag="044" ind1=" " ind2=" ">
      <subfield code="a">ES</subfield>
    </datafield>
    <datafield tag="082" ind1=" " ind2=" ">
      <subfield code="a">937 H768n7</subfield>
    </datafield>
    <datafield tag="100" ind1=" " ind2=" ">
      <subfield code="a">Homo León</subfield>
    </datafield>
    <datafield tag="245" ind1=" " ind2=" ">
      <subfield code="a">Nueva historia de Roma</subfield>
      <subfield code="c">Farrán y Mayoral. J., traducción del francés por</subfield>
    </datafield>
    <datafield tag="250" ind1=" " ind2=" ">
      <subfield code="a">7a. ed</subfield>
    </datafield>
    <datafield tag="260" ind1=" " ind2=" ">
      <subfield code="a">Barcelona</subfield>
      <subfield code="b">Iberia</subfield>
      <subfield code="c">c1981</subfield>
    </datafield>
    <datafield tag="300" ind1=" " ind2=" ">
      <subfield code="a">470 p.</subfield>
      <subfield code="b">il.</subfield>
    </datafield>
    <datafield tag="942" ind1=" " ind2=" ">
      <subfield code="c">LI</subfield>
    </datafield>
    <datafield tag="952" ind1=" " ind2=" ">
      <subfield code="a">BIB_UARG</subfield>
      <subfield code="b">BIB_UARG</subfield>
      <subfield code="d">2006-08-28</subfield>
      <subfield code="y">LI</subfield>
      <subfield code="p">05-08718</subfield>
    </datafield>
  </record>