
  <record>
    <leader>01000aam  22002601a 4500</leader>
    <controlfield tag="001">YPZ8904</controlfield>
    <controlfield tag="003">YPZ</controlfield>
    <controlfield tag="005">200608021241320</controlfield>
    <controlfield tag="008">060802|###########||||||b||||||||||spa|d</controlfield>
    <datafield tag="040" ind1=" " ind2=" ">
      <subfield code="c">SIUNPA</subfield>
    </datafield>
    <datafield tag="044" ind1=" " ind2=" ">
      <subfield code="a">AR</subfield>
    </datafield>
    <datafield tag="082" ind1=" " ind2=" ">
      <subfield code="a">9798</subfield>
    </datafield>
    <datafield tag="100" ind1=" " ind2=" ">
      <subfield code="a">INDEC Instituto Nacional de Estadística y Censos</subfield>
    </datafield>
    <datafield tag="245" ind1=" " ind2=" ">
      <subfield code="a">Censo Nacional Económico 94. Avance de resultados, informe N° 3, industria manufacturera. Parte 1: total país. Resultados provisorios, diciembre 1995</subfield>
      <subfield code="b">industria manufacturera. Parte 1: total país. Resultados provisorios, diciembre 1995</subfield>
    </datafield>
    <datafield tag="260" ind1=" " ind2=" ">
      <subfield code="a">Buenos Aires</subfield>
      <subfield code="b">INDEC</subfield>
      <subfield code="c">1995</subfield>
    </datafield>
    <datafield tag="300" ind1=" " ind2=" ">
      <subfield code="a">92  p.</subfield>
      <subfield code="b">il</subfield>
    </datafield>
    <datafield tag="942" ind1=" " ind2=" ">
      <subfield code="c">LI</subfield>
    </datafield>
    <datafield tag="952" ind1=" " ind2=" ">
      <subfield code="a">BIB_UARG</subfield>
      <subfield code="b">BIB_UARG</subfield>
      <subfield code="d">2006-08-28</subfield>
      <subfield code="y">LI</subfield>
      <subfield code="p">05-09798</subfield>
    </datafield>
  </record>