
  <record>
    <leader>01000aam  22002601a 4500</leader>
    <controlfield tag="001">YPZ8917</controlfield>
    <controlfield tag="003">YPZ</controlfield>
    <controlfield tag="005">200608021241320</controlfield>
    <controlfield tag="008">060802|###########||||||b||||||||||spa|d</controlfield>
    <datafield tag="040" ind1=" " ind2=" ">
      <subfield code="c">SIUNPA</subfield>
    </datafield>
    <datafield tag="041" ind1=" " ind2=" ">
      <subfield code="a">spa</subfield>
    </datafield>
    <datafield tag="044" ind1=" " ind2=" ">
      <subfield code="a">AR</subfield>
    </datafield>
    <datafield tag="082" ind1=" " ind2=" ">
      <subfield code="a">9811</subfield>
    </datafield>
    <datafield tag="100" ind1=" " ind2=" ">
      <subfield code="a">Castro, Graciela O.</subfield>
    </datafield>
    <datafield tag="245" ind1=" " ind2=" ">
      <subfield code="a">Caracterización climática del noreste de la provincia de Santa Cruz</subfield>
      <subfield code="c">Cottini, Marta L., colab.|Galimberti, Alejandro, colab.|Martínez Flores, Olga, colab.</subfield>
    </datafield>
    <datafield tag="260" ind1=" " ind2=" ">
      <subfield code="a">Buenos Aires</subfield>
      <subfield code="b">CFI</subfield>
      <subfield code="c">1987</subfield>
    </datafield>
    <datafield tag="942" ind1=" " ind2=" ">
      <subfield code="c">LI</subfield>
    </datafield>
    <datafield tag="952" ind1=" " ind2=" ">
      <subfield code="a">BIB_UARG</subfield>
      <subfield code="b">BIB_UARG</subfield>
      <subfield code="d">2006-08-28</subfield>
      <subfield code="y">LI</subfield>
      <subfield code="p">05-09811</subfield>
    </datafield>
  </record>